
@URL{ace_url,
howpublished = {\url{http://ajaxorg.github.com/ace/}},
note  =   "Last accessed on: 10/06/2012"
}

@URL{orion_url,
howpublished = {\url{http://wiki.eclipse.org/Orion}},
note  =   "Last accessed on: 10/06/2012"
}

@URL{sourcekit_url,
howpublished = {\url{https://chrome.google.com/webstore/detail/iieeldjdihkpoapgipfkeoddjckopgjg}},
note  =   "Last accessed on: 10/06/2012"
}

@URL{codemirror_url,
howpublished = {\url{http://codemirror.net/}},
note  =   "Last accessed on: 10/06/2012"
}

@URL{brainengine_url,
howpublished = {\url{http://www.brainengine.net/}},
note  =   "Last accessed on: 10/06/2012"
}

@URL{jelastic_url,
howpublished = {\url{http://jelastic.com/}},
note  =   "Last accessed on: 10/06/2012"
}

@URL{bungee_url,
howpublished = {\url{http://www.bungeelabs.com/}},
note  =   "Last accessed on: 10/06/2012"
}

@URL{jelastic_manager_url,
howpublished = {\url{http://jelastic.com/docs/setting-up-environment}},
note  =   "Last accessed on: 10/06/2012"
}

@URL{cloudIDE_url,
howpublished = {\url{http://cloud-ide.com/}},
note  =   "Last accessed on: 10/06/2012"
}

@URL{cloud9IDE_url,
howpublished = {\url{http://cloud9ide.com/}},
note  =   "Last accessed on: 10/06/2012"
}

@URL{CloudBees_url,
howpublished = {\url{http://www.cloudbees.com/}},
note  =   "Last accessed on: 10/06/2012"
}

@URL{Heroku_url,
howpublished = {\url{http://www.heroku.com/}},
note  =   "Last accessed on: 10/06/2012"
}
@URL{azure_url,
howpublished = {\url{http://www.windowsazure.com/}},
note  =   "Last accessed on: 10/06/2012"
}

@URL{OpenShift_url,
howpublished = {\url{https://openshift.redhat.com/app/}},
note  =   "Last accessed on: 10/06/2012"
}

@URL{CloudFoundry_url,
howpublished = {\url{http://www.cloudfoundry.com/}},
note  =   "Last accessed on: 10/06/2012"
}

@URL{codeRun_url,
howpublished = {\url{http://www.coderun.com/studio/}},
note  =   "Last accessed on: 06/21/2012"
}

@URL{bespin_url,
howpublished = {\url{http://mozillalabs.com/blog/2009/02/introducing-bespin/}},
note  =   "Last accessed on: 10/06/2012"
}

@URL{kodingen_url,
howpublished = {\url{https://kodingen.com/}},
note  =   "Last accessed on: 10/06/2012"
}

@URL{codeanywhere_url,
howpublished = {\url{https://codeanywhere.net/}},
note  =   "Last accessed on: 10/06/2012"
}

@URL{ecco_url,
howpublished = {\url{http://ecco.sourceforge.net/}},
note  =   "Last accessed on: 10/06/2012"
}

@URL{wonderfl_url,
howpublished = {\url{http://wonderfl.net/}},
note  =   "Last accessed on: 10/06/2012"
}

@URL{couchdb_url,
howpublished = {\url{http://couchdb.apache.org/}},
note  =   "Last accessed on: 10/06/2012"
}

@URL{googleapp_url,
howpublished = {\url{https://developers.google.com/appengine/}},
note  =   "Last accessed on: 10/06/2012"
}

@URL{teamforge_url,
howpublished = {\url{http://www.collab.net/products/teamforge}},
note  =   "Last accessed on: 10/06/2012"
}

@URL{atlassian_url,
howpublished = {\url{http://www.atlassian.com/software/ondemand/overview}},
note  =   "Last accessed on: 10/06/2012"
}

@URL{jazz_url,
howpublished = {\url{https://hub.jazz.net/}},
note  =   "Last accessed on: 10/06/2012"
}

@URL{accurev_url,
howpublished = {\url{https://accurev.com/}},
note  =   "Last accessed on: 10/06/2012"
}

@URL{dotcloud_url,
howpublished = {\url{https://www.dotcloud.com/}},
note  =   "Last accessed on: 10/06/2012"
}

@URL{ant_url,
howpublished = {\url{http://ant.apache.org/}},
note  =   "Last accessed on: 10/06/2012"
}

@URL{tomcat_url,
howpublished = {\url{http://tomcat.apache.org/}},
note  =   "Last accessed on: 10/06/2012"
}

@article{Armbrust:CACM2010,
 author = {Armbrust, Michael and Fox, Armando and Griffith, Rean and Joseph, Anthony D. and Katz, Randy and Konwinski, Andy and Lee, Gunho and Patterson, David and Rabkin, Ariel and Stoica, Ion and Zaharia, Matei},
 title = {A view of cloud computing},
 journal = {Commun. ACM},
 volume = {53},
 issue = {4},
 year = {2010},
 issn = {0001-0782},
 pages = {50--58},
 numpages = {9},
 acmid = {1721672},
 publisher = {ACM},
 address = {New York, NY, USA}
}

@InProceedings{Hassan:08,
  author = {Ahmed E. Hassan},
  title = {{The Road Ahead for Mining Software Repositories}},
  booktitle = {{In Proceedings of the Future of Software Maintenance (FoSM) at the 24th IEEE International Conference on Software Maintenance(ICSM)}},
  year = {2008},
  address = {Beijing, China}
}

@InProceedings{Daml:08,
  author = {D. Damljanovic and K. Bontcheva},
  title = {{Enhanced Semantic Access to Software Artefacts}},
  booktitle = {{5th International Workshop on Semantic Web Enabled Software Enginering (SWESE 2008)}},
  year = {2008},
  address = {Karlsruhe, Germany}
}


@InProceedings{Willie:11,
  author = {Willie, Wang},
  title = {{Reinforcing Agile Software Development in the Cloud. White paper}},
  url = {http://visit.collab.net/rs/collabnet/images/reinforcing_agile_software_dev.pdf}
}

@inproceedings{Shibuya:09,
 author = {Shibuya, Bianca and Tamai, Tetsuo},
 title = {Understanding the process of participating in open source communities},
 booktitle = {Proceedings of the 2009 ICSE Workshop on Emerging Trends in Free/Libre/Open Source Software Research and Development},
 series = {FLOSS '09},
 year = {2009},
 isbn = {978-1-4244-3720-7},
 pages = {1--6},
 numpages = {6},
 url = {http://dx.doi.org/10.1109/FLOSS.2009.5071352},
 doi = {http://dx.doi.org/10.1109/FLOSS.2009.5071352},
 acmid = {1572194},
 publisher = {IEEE Computer Society},
 address = {Washington, DC, USA},
}
